<?xml version="1.0" encoding="UTF-8"?>
<collection xmlns:xsi="http://www.w3.org/2001/XMLSchema-instance" xsi:schemaLocation="http://www.loc.gov/MARC21/slim http://www.loc.gov/standards/marcxml/schema/MARC21slim.xsd" xmlns="http://www.loc.gov/MARC21/slim">
<record>
  <leader>00766cam a2200265Ma 4500</leader>
  <controlfield tag="001">3076041</controlfield>
  <controlfield tag="003">NNC</controlfield>
  <controlfield tag="005">20130114222448.0</controlfield>
  <controlfield tag="008">890331s1938    ti            000 0 ara d</controlfield>
  <datafield tag="010" ind1=" " ind2=" ">
    <subfield code="a">   55047113 </subfield>
  </datafield>
  <datafield tag="035" ind1=" " ind2=" ">
    <subfield code="a">(OCoLC)ocm23417146</subfield>
  </datafield>
  <datafield tag="035" ind1=" " ind2=" ">
    <subfield code="9">ATP9601CU</subfield>
  </datafield>
  <datafield tag="035" ind1=" " ind2=" ">
    <subfield code="a">(NNC)3076041</subfield>
  </datafield>
  <datafield tag="040" ind1=" " ind2=" ">
    <subfield code="a">EYM</subfield>
    <subfield code="c">EYM</subfield>
    <subfield code="d">AZU</subfield>
    <subfield code="d">ZCU</subfield>
  </datafield>
  <datafield tag="041" ind1="0" ind2=" ">
    <subfield code="a">arafre</subfield>
  </datafield>
  <datafield tag="043" ind1=" " ind2=" ">
    <subfield code="a">f-ti---</subfield>
  </datafield>
  <datafield tag="099" ind1=" " ind2=" ">
    <subfield code="a">893.764</subfield>
    <subfield code="a">C597</subfield>
  </datafield>
  <datafield tag="100" ind1="1" ind2=" ">
    <subfield code="a">Clermont, J.</subfield>
  </datafield>
  <datafield tag="245" ind1="1" ind2="3">
    <subfield code="a">Le dialecte tunisien :</subfield>
    <subfield code="b">historiettes, moeurs, coutumes et dictons /</subfield>
    <subfield code="c">par J. Clermont.</subfield>
  </datafield>
  <datafield tag="260" ind1=" " ind2=" ">
    <subfield code="a">Tunis :</subfield>
    <subfield code="b">Mme Veuve Louis Namura,</subfield>
    <subfield code="c">1938.</subfield>
  </datafield>
  <datafield tag="300" ind1=" " ind2=" ">
    <subfield code="a">232 p.</subfield>
    <subfield code="c">18 cm.</subfield>
  </datafield>
  <datafield tag="500" ind1=" " ind2=" ">
    <subfield code="a">Text in Arabic and French.</subfield>
  </datafield>
  <datafield tag="650" ind1=" " ind2="0">
    <subfield code="a">Arabic language</subfield>
    <subfield code="v">Readers.</subfield>
  </datafield>
  <datafield tag="650" ind1=" " ind2="0">
    <subfield code="a">Arabic language</subfield>
    <subfield code="x">Dialects</subfield>
    <subfield code="z">Tunisia</subfield>
    <subfield code="z">Tunis.</subfield>
  </datafield>
  <datafield tag="955" ind1=" " ind2=" ">
    <subfield code="b">CU58885242</subfield>
    <subfield code="d">off,glx</subfield>
    <subfield code="e">893.764 C597</subfield>
  </datafield>
</record>
</collection>